 
 
 @misc{fernando_2022, 
    title={Relative strength index (RSI) indicator explained with formula}, 
    howpublished={https://www.investopedia.com/}, 
    journal={Investopedia}, 
    publisher={Investopedia}, 
    author={Fernando, Jason}, 
    year={2022}, 
    month={Nov}
    } 

 @misc{tradingview, 
    title={Track all markets}, 
    howpublished={https://www.tradingview.com/}, 
    journal={TradingView}
    } 

 @misc{yahoo, 
    title={Yahoo Finance - Stock Market Live, quotes, Business &amp; Finance News}, 
    howpublished={https://finance.yahoo.com/?guccounter=1}, 
    journal={Yahoo! Finance}, 
    publisher={Yahoo!}
    } 